%
This BibTeX bibliography file was created using BibDesk.
%% http://bibdesk.sourceforge.net/


%% Created for PRASHANTH NAYAK at 2013-10-29 14:43:37 -0600 


%% Saved with string encoding Unicode (UTF-8) 


@string{acmtog = {ACM Transactions on Graphics}}

@string{ap = {Academic Press}}

@string{aw = {Addison-Wesley}}

@string{bezier = {B{\hspace{-0.04em}\'e}zier}}

@string{cacm = {Communications of the {ACM}}}

@string{cad = {Computer-Aided Design}}

@string{cag = {Computers and Graphics}}

@string{cg = {Computer Graphics}}

@string{cgf = {Computer Graphics Forum}}

@string{cgprds = {Proc. Conf. on Computer Graphics, Pattern Recognition, Data Structure}}

@string{cips = {Canadian Information Processing Society}}

@string{cup = {Cambridge University Press}}

@string{cvgip = {Computer Vision Graphics and Image Processing}}

@string{cvgip1 = {CVGIP: Graphics Models and Image Processing}}

@string{dover = {Dover Publications}}

@string{dp = {Digital Press}}

@string{eg85 = {Eurographics '85}}

@string{eg86 = {Eurographics '86}}

@string{eg87 = {Eurographics '87}}

@string{eg88 = {Eurographics '88}}

@string{eg89 = {Eurographics '89}}

@string{eg90 = {Eurographics '90}}

@string{eg91 = {Eurographics '91}}

@string{eg92 = {Eurographics '92}}

@string{eg93 = {Eurographics '93}}

@string{eg94 = {Eurographics '94}}

@string{egwas90 = {First Eurographics Workshop on Animation and Simulation}}

@string{egwas91 = {Second Eurographics Workshop on Animation and Simulation}}

@string{egwas92 = {Third Eurographics Workshop on Animation and Simulation}}

@string{egwas93 = {Fourth Eurographics Workshop on Animation and Simulation}}

@string{egwas94 = {Fifth Eurographics Workshop on Animation and Simulation}}

@string{egwr90 = {First Eurographics Workshop on Rendering}}

@string{egwr91 = {Second Eurographics Workshop on Rendering}}

@string{egwr92 = {Third Eurographics Workshop on Rendering}}

@string{egwr93 = {Fourth Eurographics Workshop on Rendering}}

@string{egwr94 = {Fifth Eurographics Workshop on Rendering}}

@string{geza = {G{\'e}za}}

@string{gi83 = {Proc.~ Graphics Interface '83}}

@string{gi84 = {Proc.~ Graphics Interface '84}}

@string{gi85 = {Proc.~ Graphics Interface '85}}

@string{gi86 = {Proc.~ Graphics Interface '86}}

@string{gi87 = {Proc.~ Graphics Interface '87}}

@string{gi88 = {Proc.~ Graphics Interface '88}}

@string{gi89 = {Proc.~ Graphics Interface '89}}

@string{gi90 = {Proc.~ Graphics Interface '90}}

@string{gi91 = {Proc.~ Graphics Interface '91}}

@string{gi92 = {Proc.~ Graphics Interface '92}}

@string{gi93 = {Proc.~ Graphics Interface '93}}

@string{gi94 = {Proc.~ Graphics Interface '94}}

@string{grunbaum = {Gr{\"{u}}nbaum}}

@string{guting = {G{\"u}ting}}

@string{hal = {Halsted Press, John Wiley \& Sons}}

@string{hay = {Hayden Book Company, Inc.}}

@string{ieecs = {IEEE Computer Society Press}}

@string{ieeeassp = {IEEE Transactions on Acoustics, Speech, and Signal Processing}}

@string{ieeecga = {IEEE Computer Graphics and Applications}}

@string{ieeeit = {IEEE Transactions on Information Theory}}

@string{ieeep = {Proc.~ the IEEE}}

@string{ieeetoc = {IEEE Transactions on Computers}}

@string{ind = {Industrial Press Inc.}}

@string{ivc = {Image and Vision Computing}}

@string{jacm = {Journal of the ACM}}

@string{janos = {J{\'a}nos}}

@string{jiri = {Ji{\v{r}}{\'\i}}}

@string{maci = {MacMillan India LTD}}

@string{matousek = {Matou{\v{s}}ek}}

@string{mgh = {McGraw-Hill}}

@string{mitp = {MIT Press}}

@string{mkp = {Morgan Kaufmann Publishers, Inc.}}

@string{naher = {N{\"a}her}}

@string{odunlaing = {\'O'D{\'u}nlaing}}

@string{oup = {Oxford University Press}}

@string{ph = {Prentice-Hall Publishing Company}}

@string{plucker = {Pl{\"u}cker}}

@string{pp = {Pergamon Press}}

@string{pres = {Presence}}

@string{ptp = {Pentech Press}}

@string{rene = {Ren{\'e}}}

@string{schroder = {Schr{\hspace{-0.04em}\"o}der}}

@string{sequin = {S{\hspace{-0.04em}\'e}quin}}

@string{sfpt = {Soci{\'e}t{\'e} Fran{\c{c}}aise de Photogramm{\'e}trie et de T{\'e}l{\'e}d{\'e}tection}}

@string{sig75 = {Computer Graphics (SIGGRAPH '75 Proceedings)}}

@string{sig76 = {Computer Graphics (SIGGRAPH '76 Proceedings)}}

@string{sig77 = {Computer Graphics (SIGGRAPH '77 Proceedings)}}

@string{sig78 = {Computer Graphics (SIGGRAPH '78 Proceedings)}}

@string{sig79 = {Computer Graphics (SIGGRAPH '79 Proceedings)}}

@string{sig80 = {Computer Graphics (SIGGRAPH '80 Proceedings)}}

@string{sig81 = {Computer Graphics (SIGGRAPH '81 Proceedings)}}

@string{sig82 = {Computer Graphics (SIGGRAPH '82 Proceedings)}}

@string{sig83 = {Computer Graphics (SIGGRAPH '83 Proceedings)}}

@string{sig84 = {Computer Graphics (SIGGRAPH '84 Proceedings)}}

@string{sig85 = {Computer Graphics (SIGGRAPH '85 Proceedings)}}

@string{sig86 = {Computer Graphics (SIGGRAPH '86 Proceedings)}}

@string{sig87 = {Computer Graphics (SIGGRAPH '87 Proceedings)}}

@string{sig88 = {Computer Graphics (SIGGRAPH '88 Proceedings)}}

@string{sig89 = {Computer Graphics (SIGGRAPH '89 Proceedings)}}

@string{sig90 = {Computer Graphics (SIGGRAPH '90 Proceedings)}}

@string{sig91 = {Computer Graphics (SIGGRAPH '91 Proceedings)}}

@string{sig92 = {Computer Graphics (SIGGRAPH '92 Proceedings)}}

@string{sig93 = {Computer Graphics (SIGGRAPH '93 Proceedings)}}

@string{sig94 = {Computer Graphics (SIGGRAPH '94 Proceedings)}}

@string{sigi3d86 = {Computer Graphics (1986 Symposium on Interactive 3D Graphics)}}

@string{sigi3d90 = {Computer Graphics (1990 Symposium on Interactive 3D Graphics)}}

@string{sigi3d92 = {Computer Graphics (1992 Symposium on Interactive 3D Graphics)}}

@string{sv = {Springer-Verlag}}

@string{ucb = {UC Berkeley}}

@string{ui = {University of Illinois Press}}

@string{vc = {The Visual Computer}}

@string{vnr = {Van Nostrand Reinhold}}

@string{wad = {Wadsworth \& Brooks, Inc.}}

@string{whf = {W. H. Freeman, Inc.}}

@string{wil = {John Wiley \& Sons, Inc.}}

@string{wwn = {W.W. Norton \& Company}}



@inproceedings{antfarm,
    author = {Jones, Stephen T. and Arpaci-Dusseau, Andrea C. and Arpaci-Dusseau, Remzi H.},
    title = {Antfarm: tracking processes in a virtual machine environment},
    booktitle = {Proceedings of the 2007 USENIX Annual Technical Conference},
    series = {ATEC '06},
    year = {2006},
    pages = {1--14}
    location = {Boston, MA},
    numpages = {1},
    url = {http://dl.acm.org/citation.cfm?id=1267359.1267360},
    acmid = {1267360},
} 



@inproceedings{lkim,
    author = {Loscocco, Peter A. and Wilson, Perry W. and Pendergrass, J. Aaron and McDonell, C. Durward},
    title = {Linux kernel integrity measurement using contextual inspection},
    booktitle = {Proceedings of the 2007 ACM Workshop on Scalable Trusted Computing},
    series = {STC '07},
    year = {2007},
    isbn = {978-1-59593-888-6},
    location = {Alexandria, Virginia, USA},
    pages = {21--29},
    numpages = {9},
    url = {http://doi.acm.org/10.1145/1314354.1314362},
    doi = {10.1145/1314354.1314362},
    acmid = {1314362},
    keywords = {LKIM, attestation systems, integrity measurement, system monitoring},
} 



@inproceedings{osck,
author = {Hofmann, Owen S. and Dunn, Alan M. and Kim, Sangman and Roy, Indrajit and Witchel, Emmett},
title = {Ensuring operating system kernel integrity with {OS}c{K}},
booktitle = {Proceedings of the Sixteenth International Conference on Architectural Support for Programming Languages and Operating Systems},
series = {ASPLOS XVI},
year = {2011},
isbn = {978-1-4503-0266-1},
pages = {279--290},
numpages = {12},
url = {http://doi.acm.org/10.1145/1950365.1950398},
doi = {10.1145/1950365.1950398},
acmid = {1950398},
keywords = {rootkit detection},
} 




@inproceedings{ds_repair,
    author = {Demsky, Brian and Rinard, Martin},
    title = {Automatic detection and repair of errors in data structures},
    booktitle = {Proceedings of the 18th Annual ACM SIGPLAN Conference on Object-Oriented Programing, Systems, Languages, and Applications},
    series = {OOPSLA '03},
    year = {2003},
    isbn = {1-58113-712-5},
    location = {Anaheim, California, USA},
    numpages = {18},
    url = {http://doi.acm.org/10.1145/949305.949314},
    doi = {10.1145/949305.949314},
    acmid = {949314},
    pages = {78--95}
    keywords = {data structure invariants, data structure repair},
}


@inproceedings{revirt,
author = {Dunlap, George W. and King, Samuel T. and Cinar, Sukru and Basrai, Murtaza A. and Chen, Peter M.},
title = {ReVirt: enabling intrusion analysis through virtual-machine logging and replay},
booktitle = {Proceedings of the 5th Symposium on Operating Systems Design and Implementation},
series = {OSDI '02},
year = {2002},
isbn = {978-1-4503-0111-4},
location = {Boston, Massachusetts},
pages = {211--224},
numpages = {14},
url = {http://doi.acm.org/10.1145/1060289.1060309},
doi = {10.1145/1060289.1060309},
acmid = {1060309},
} 

@inproceedings{vmwatcher,
    author = {Jiang, Xuxian and Wang, Xinyuan and Xu, Dongyan},
    title = {Stealthy malware detection through {VMM}-based "{O}ut-of-the-box" semantic view reconstruction},
    booktitle = {Proceedings of the 14th ACM Conference on Computer and Communications Security},
    series = {CCS '07},
    year = {2007},
    pages = {128--138},
    isbn = {978-1-59593-703-2},
    location = {Alexandria, Virginia, USA},
    numpages = {11},
    url = {http://doi.acm.org/10.1145/1315245.1315262},
    doi = {10.1145/1315245.1315262},
    acmid = {1315262},
    keywords = {malware detection, rootkits, virtual machines},
} 


@inproceedings{bugs_large_sw,
    author = {Ostrand, Thomas J. and Weyuker, Elaine J.},
    title = {The distribution of faults in a large industrial software system},
    booktitle = {Proceedings of the 2002 ACM SIGSOFT International Symposium on Software Testing and Analysis},
    series = {ISSTA '02},
    year = {2002},
    isbn = {1-58113-562-9},
    location = {Roma, Italy},
    pages = {55--64},
    numpages = {10},
    url = {http://doi.acm.org/10.1145/566172.566181},
    doi = {10.1145/566172.566181},
    acmid = {566181},
    keywords = {empirical study, fault-prone, pareto, software faults, software testing},
} 

@inproceedings{where_bugs_are,
    author = {Ostrand, Thomas J. and Weyuker, Elaine J. and Bell, Robert M.},
    title = {Where the bugs are},
    booktitle = {Proceedings of the 2004 ACM SIGSOFT International Symposium on Software Testing and Analysis},
    series = {ISSTA '04},
    year = {2004},
    isbn = {1-58113-820-2},
    location = {Boston, Massachusetts, USA},
    pages = {86--96},
    numpages = {11},
    url = {http://doi.acm.org/10.1145/1007512.1007524},
    doi = {10.1145/1007512.1007524},
    acmid = {1007524},
    keywords = {empirical study, fault-prone, prediction, regression model, software faults, software testing},
} 



@article{minix3,
    author = {Herder, Jorrit N. and Bos, Herbert and Gras, Ben and Homburg, Philip and Tanenbaum, Andrew S.},
    title = {MINIX 3: A highly reliable, self-repairing operating system},
    journal = {SIGOPS Oper. Syst. Rev.},
    issue_date = {2006},
    year = {2006},
    volume = {40},
    number = {3},
    issn = {0163-5980},
    pages = {80--89},
    numpages = {10},
    url = {http://doi.acm.org/10.1145/1151374.1151391},
    doi = {10.1145/1151374.1151391},
    acmid = {1151391},
} 


@misc{suckit,
	Title = {Suckit2 rootkit},
	howpublished = {\url{http://packetstormsecurity.com/search/files/?q=suckit2}},
}

@inproceedings{lycosid,
    author = {Jones, Stephen T. and Arpaci-Dusseau, Andrea C. and Arpaci-Dusseau, Remzi H.},
    title = {{VMM}-based hidden process detection and identification using {L}ycosid},
   booktitle = {Proceedings of the Fourth ACM SIGPLAN/SIGOPS International Conference on Virtual Execution Environments},
    series = {VEE '08},
    year = {2008},
    isbn = {978-1-59593-796-4},
    location = {Seattle, WA, USA},
    pages = {91--100},
    numpages = {10},
    url = {http://doi.acm.org/10.1145/1346256.1346269},
    doi = {10.1145/1346256.1346269},
    acmid = {1346269},
    keywords = {inference, security, virtual machine},
} 


@inproceedings{introvirt,
    author = {Joshi, Ashlesha and King, Samuel T. and Dunlap, George W. and Chen, Peter M.},
    title = {Detecting past and present intrusions through vulnerability-specific predicates},
    booktitle = {Proceedings of the Twentieth ACM Symposium on Operating Systems Principles},
    series = {SOSP '05},
    year = {2005},
    isbn = {1-59593-079-5},
    location = {Brighton, United Kingdom},
    pages = {91--104},
    numpages = {14},
    url = {http://doi.acm.org/10.1145/1095810.1095820},
    doi = {10.1145/1095810.1095820},
    acmid = {1095820},
    keywords = {IntroVirt, intrusion detection, semantic gap, virtual-machine introspection, virtual-machine replay, vulnerability-specific predicates},
} 


@misc{darkleech,
    title = {Apache {D}arkleech compromise},
    howpublished = {\url{http://blogs.cisco.com/security/apache-darkleech-compromises}},
}


@misc{clips,
    title = { {C} {L}anguage {I}ntegrated {P}roduction {S}ystem },
    howpublished = {\url{http://clipsrules.sourceforge.net}},
}


@misc{kbeast,
    title = { {KB}east {R}ootkit },
    howpublished = {\url{http://packetstormsecurity.com/files/108286/KBeast-Kernel-Beast-Linux-Rootkit-2012.html}},
}


@misc{adore,
    title = { {A}dore {R}ootkit },
    howpublished = {\url{http://packetstormsecurity.com/files/24533/adore-0.34.tgz.html}},
}




@misc{clips,
    title = { {C} {L}anguage {I}ntegrated {P}roduction {S}ystem },
    howpublished = {\url{http://clipsrules.sourceforge.net}},
}


@misc{docker,
    title = {Docker},
    howpublished = {\url{https://www.docker.io}},
}
@article{nids,
    title={Network intrusion detection},
    author={Mukherjee, Biswanath and Heberlein, L Todd and Levitt, Karl N},
    journal={Network},
    volume={8},
    number={3},
    pages={26--41},
    year={1994},
    publisher={IEEE}
}



@article{ids_syscall,
    title={Intrusion detection using sequences of system calls},
    author={Hofmeyr, Steven A and Forrest, Stephanie and Somayaji, Anil},
    journal={Journal of {C}omputer {S}ecurity},
    volume={6},
    number={3},
    pages={151--180},
    year={1998},
    publisher={IOS Press}
}


@inproceedings{hids,
	Author = {Warrender, Christina and Forrest, Stephanie and Pearlmutter, Barak},
	Booktitle = {Proceedings of the 1999 IEEE Symposium on Security and Privacy},
	Date-Added = {2013-10-18 22:25:34 +0000},
	Date-Modified = {2013-10-18 22:25:56 +0000},
	Organization = {IEEE},
	Pages = {133--145},
	Title = {Detecting intrusions using system calls: Alternative data models},
	Year = {1999}}

@article{ids,
	Author = {Mell, R},
	Date-Added = {2013-10-18 22:19:11 +0000},
	Date-Modified = {2013-10-18 22:19:22 +0000},
	Journal = {National Institute of Standards and Technology (NIST), Special Publication},
	Publisher = {Taylor \& Francis},
	Title = {Intrusion detection systems},
	Volume = {51},
	Year = {2001}}

@techreport{dos,
	Author = {Ptacek, Thomas H and Newsham, Timothy N},
	Date-Added = {2013-10-18 21:59:09 +0000},
	Date-Modified = {2013-10-18 21:59:57 +0000},
	Institution = {DTIC Document},
	Title = {Insertion, evasion, and denial of service: Eluding network intrusion detection},
	Year = {1998}}

@inproceedings{vm_arch,
    author = {Goldberg, R. P.},
    title = {Architecture of virtual machines},
    booktitle = {Proceedings of the Workshop on Virtual Computer Systems},
    pages ={74--112},
    year = {1973},
    location = {Cambridge, Massachusetts, USA},
    numpages = {39},
    url = {http://doi.acm.org/10.1145/800122.803950},
    doi = {10.1145/800122.803950},
    acmid = {803950},
} 

@ARTICLE{vm, 
    author={Goldberg, R. P.}, 
    journal={Computer}, 
    title={Survey of virtual machine research}, 
    volume={7}, 
    number={6},
    year = {1974},
    pages={34-45}, 
    doi={10.1109/MC.1974.6323581}, 
    ISSN={0018-9162},
}


@inproceedings{livewire,
Author = {Garfinkel, Tal and Rosenblum, Mendel},
title = {{A Virtual Machine Introspection Based Architecture for Intrusion Detection}},
booktitle = {Proceedings of Network and Distributed System Security Symposium},
series = { NDSS '03},
year = {2003},
masid = {42013},
}


@inproceedings{exterior,
    author = {Fu, Yangchun and Lin, Zhiqiang},
    title = {EXTERIOR: using a dual-{VM} based external shell for guest-{OS} introspection, configuration, and recovery},
    booktitle = {Proceedings of the 9th ACM SIGPLAN/SIGOPS International Conference on Virtual Execution Environments},
    series = {VEE '13},
    isbn = {978-1-4503-1266-0},
    numpages = {14},
    year = {2013},
    url = {http://doi.acm.org/10.1145/2451512.2451534},
    doi = {10.1145/2451512.2451534},
    acmid = {2451534},
    pages = {97--110}
    keywords = {cloud computing, virtual machine introspection},
}


@article{virtual_appliance,
author = {Changhua Sun and Le He and Qingbo Wang and Ruth Willenborg},
title = {Simplifying Service Deployment with Virtual Appliances},
journal ={Proceedings of the IEEE International Conference on Services Computing},
volume = {2},
isbn = {978-0-7695-3283-7},
year = {2008},
pages = {265-272},
doi = {http://doi.ieeecomputersociety.org/10.1109/SCC.2008.53},
address = {Los Alamitos, CA, USA},
}


@inproceedings{Goldberg:1986:NAM:12130.12144,
    author = {Goldberg, A V and Tarjan, R E},
    title = {A New Approach to the Maximum Flow Problem},
    booktitle = {Proceedings of the Eighteenth Annual ACM Symposium on Theory of Computing},
    series = {STOC '86},
    year = {1986},
    isbn = {0-89791-193-8},
    location = {Berkeley, California, USA},
    pages = {136--146},
    numpages = {11},
    url = {http://doi.acm.org/10.1145/12130.12144},
    doi = {10.1145/12130.12144},
    acmid = {12144},
    publisher = {ACM},
    address = {New York, NY, USA},
} 

@article{Sleator:1983:DSD:61337.61338,
 author = {Sleator, Daniel D. and Tarjan, Robert Endre},
 title = {A Data Structure for Dynamic Trees},
 journal = {J. Comput. Syst. Sci.},
 issue_date = {June 1983},
 volume = {26},
 number = {3},
 month = jun,
 year = {1983},
 issn = {0022-0000},
 pages = {362--391},
 numpages = {30},
 url = {http://dx.doi.org/10.1016/0022-0000(83)90006-5},
 doi = {10.1016/0022-0000(83)90006-5},
 acmid = {61338},
 publisher = {Academic Press, Inc.},
 address = {Orlando, FL, USA},
} 

@article{citeulike:1687675,
    abstract = {{An O(EV log2 V) algorithm for finding the maximal flow in networks is described. It is asymptotically better than the other known algorithms if E = O(V2-[epsilon]) for some [epsilon] > 0. The analysis of the running time exploits the discovery of a phenomenon similar to (but more general than) path compression, although the "union find" algorithm is not used. The time bound is shown to be tight in terms of V and E by exhibiting a family of networks that require [Omega](EV log2V) time.1}},
    author = {Galil, Zvi and Naamad, Amnon},
    citeulike-article-id = {1687675},
    citeulike-linkout-0 = {http://dx.doi.org/10.1016/0022-0000(80)90035-5},
    citeulike-linkout-1 = {http://www.sciencedirect.com/science/article/B6WJ0-4B4RN4M-DH/2/4bca276188cdfcd1055c15662c0d30ab},
    doi = {10.1016/0022-0000(80)90035-5},
    journal = {Journal of Computer and System Sciences},
    keywords = {graph, maximal-flow},
    month = oct,
    number = {2},
    pages = {203--217},
    posted-at = {2007-09-23 19:19:08},
    priority = {2},
    title = {{An O(EVIog2V) algorithm for the maximal flow problem}},
    url = {http://dx.doi.org/10.1016/0022-0000(80)90035-5},
    volume = {21},
    year = {1980}
}

@article{Edmonds:1972:TIA:321694.321699,
 author = {Edmonds, Jack and Karp, Richard M.},
 title = {Theoretical Improvements in Algorithmic Efficiency for Network Flow Problems},
 journal = {J. ACM},
 issue_date = {April 1972},
 volume = {19},
 number = {2},
 month = apr,
 year = {1972},
 issn = {0004-5411},
 pages = {248--264},
 numpages = {17},
 url = {http://doi.acm.org/10.1145/321694.321699},
 doi = {10.1145/321694.321699},
 acmid = {321699},
 publisher = {ACM},
 address = {New York, NY, USA},
} 

@article{Gabow:1985:SAN:5212.5260,
 author = {Gabow, Harold N.},
 title = {Scaling Algorithms for Network Problems},
 journal = {J. Comput. Syst. Sci.},
 issue_date = {Sept. 1985},
 volume = {31},
 number = {2},
 month = sep,
 year = {1985},
 issn = {0022-0000},
 pages = {148--168},
 numpages = {21},
 url = {http://dx.doi.org/10.1016/0022-0000(85)90039-X},
 doi = {10.1016/0022-0000(85)90039-X},
 acmid = {5260},
 publisher = {Academic Press, Inc.},
 address = {Orlando, FL, USA},
} 

@techreport{Shiloach:1978:OIL:892195,
 author = {Shiloach, Yossi},
 title = {An O(N . I log\^2 I) Maximum-flow Algorithm},
 year = {1978},
 source = {http://www.ncstrl.org:8900/ncstrl/servlet/search?formname=detail\&id=oai%3Ancstrlh%3Astan%3ASTAN%2F%2FCS-TR-78-702},
 publisher = {Stanford University},
 address = {Stanford, CA, USA},
} 
@article{Shiloach:1982:ONL:61335.61336,
 author = {Shiloach, Yossi and Vishkin, Uzi},
 title = {An O(N2 Log N) Parallel Max-flow Algorithm},
 journal = {J. Algorithms},
 issue_date = {Feb. 1982},
 volume = {3},
 number = {2},
 month = feb,
 year = {1982},
 issn = {0196-6774},
 pages = {128--146},
 numpages = {19},
 url = {http://dx.doi.org/10.1016/0196-6774(82)90013-X},
 doi = {10.1016/0196-6774(82)90013-X},
 acmid = {61336},
 publisher = {Academic Press, Inc.},
 address = {Duluth, MN, USA},
} 

